%YAML 1.1
%TAG !u! tag:unity3d.com,2011:
--- !u!1 &61702273234069447
GameObject:
  m_ObjectHideFlags: 0
  m_CorrespondingSourceObject: {fileID: 0}
  m_PrefabInstance: {fileID: 0}
  m_PrefabAsset: {fileID: 0}
  serializedVersion: 6
  m_Component:
  - component: {fileID: 2702069372585688256}
  m_Layer: 0
  m_Name: Fence1
  m_TagString: Untagged
  m_Icon: {fileID: 0}
  m_NavMeshLayer: 0
  m_StaticEditorFlags: 0
  m_IsActive: 1
--- !u!4 &2702069372585688256
Transform:
  m_ObjectHideFlags: 0
  m_CorrespondingSourceObject: {fileID: 0}
  m_PrefabInstance: {fileID: 0}
  m_PrefabAsset: {fileID: 0}
  m_GameObject: {fileID: 61702273234069447}
  m_LocalRotation: {x: 0, y: 0, z: 0, w: 1}
  m_LocalPosition: {x: 7.98, y: 0, z: 4}
  m_LocalScale: {x: 1, y: 1, z: 1}
  m_Children:
  - {fileID: 2204785607904088343}
  - {fileID: 2177232015591200644}
  m_Father: {fileID: 0}
  m_RootOrder: 0
  m_LocalEulerAnglesHint: {x: 0, y: 0, z: 0}
--- !u!1 &1818644513661418230
GameObject:
  m_ObjectHideFlags: 0
  m_CorrespondingSourceObject: {fileID: 0}
  m_PrefabInstance: {fileID: 0}
  m_PrefabAsset: {fileID: 0}
  serializedVersion: 6
  m_Component:
  - component: {fileID: 2177232015591200644}
  - component: {fileID: 1487743984088837160}
  m_Layer: 0
  m_Name: Collider
  m_TagString: Untagged
  m_Icon: {fileID: 0}
  m_NavMeshLayer: 0
  m_StaticEditorFlags: 0
  m_IsActive: 1
--- !u!4 &2177232015591200644
Transform:
  m_ObjectHideFlags: 0
  m_CorrespondingSourceObject: {fileID: 0}
  m_PrefabInstance: {fileID: 0}
  m_PrefabAsset: {fileID: 0}
  m_GameObject: {fileID: 1818644513661418230}
  m_LocalRotation: {x: 0, y: 0, z: 0, w: 1}
  m_LocalPosition: {x: 0, y: 0, z: 0}
  m_LocalScale: {x: 1, y: 1, z: 1}
  m_Children: []
  m_Father: {fileID: 2702069372585688256}
  m_RootOrder: 1
  m_LocalEulerAnglesHint: {x: 0, y: 0, z: 0}
--- !u!65 &1487743984088837160
BoxCollider:
  m_ObjectHideFlags: 0
  m_CorrespondingSourceObject: {fileID: 0}
  m_PrefabInstance: {fileID: 0}
  m_PrefabAsset: {fileID: 0}
  m_GameObject: {fileID: 1818644513661418230}
  m_Material: {fileID: 0}
  m_IsTrigger: 0
  m_Enabled: 1
  serializedVersion: 2
  m_Size: {x: 3, y: 2.5, z: 0.3}
  m_Center: {x: 0, y: 1.25, z: 0}
--- !u!1001 &6620938079771163149
PrefabInstance:
  m_ObjectHideFlags: 0
  serializedVersion: 2
  m_Modification:
    m_TransformParent: {fileID: 2702069372585688256}
    m_Modifications:
    - target: {fileID: -927199367670048503, guid: 1f35d1914f9cc4c2d80b696491e3fa37,
        type: 3}
      propertyPath: m_Name
      value: fenceIronBorder
      objectReference: {fileID: 0}
    - target: {fileID: -4216859302048453862, guid: 1f35d1914f9cc4c2d80b696491e3fa37,
        type: 3}
      propertyPath: m_LocalPosition.x
      value: -1.5
      objectReference: {fileID: 0}
    - target: {fileID: -4216859302048453862, guid: 1f35d1914f9cc4c2d80b696491e3fa37,
        type: 3}
      propertyPath: m_LocalPosition.y
      value: 0
      objectReference: {fileID: 0}
    - target: {fileID: -4216859302048453862, guid: 1f35d1914f9cc4c2d80b696491e3fa37,
        type: 3}
      propertyPath: m_LocalPosition.z
      value: -0.15
      objectReference: {fileID: 0}
    - target: {fileID: -4216859302048453862, guid: 1f35d1914f9cc4c2d80b696491e3fa37,
        type: 3}
      propertyPath: m_LocalRotation.x
      value: 0
      objectReference: {fileID: 0}
    - target: {fileID: -4216859302048453862, guid: 1f35d1914f9cc4c2d80b696491e3fa37,
        type: 3}
      propertyPath: m_LocalRotation.y
      value: -0
      objectReference: {fileID: 0}
    - target: {fileID: -4216859302048453862, guid: 1f35d1914f9cc4c2d80b696491e3fa37,
        type: 3}
      propertyPath: m_LocalRotation.z
      value: -0
      objectReference: {fileID: 0}
    - target: {fileID: -4216859302048453862, guid: 1f35d1914f9cc4c2d80b696491e3fa37,
        type: 3}
      propertyPath: m_LocalRotation.w
      value: 1
      objectReference: {fileID: 0}
    - target: {fileID: -4216859302048453862, guid: 1f35d1914f9cc4c2d80b696491e3fa37,
        type: 3}
      propertyPath: m_RootOrder
      value: 0
      objectReference: {fileID: 0}
    - target: {fileID: -4216859302048453862, guid: 1f35d1914f9cc4c2d80b696491e3fa37,
        type: 3}
      propertyPath: m_LocalEulerAnglesHint.x
      value: 0
      objectReference: {fileID: 0}
    - target: {fileID: -4216859302048453862, guid: 1f35d1914f9cc4c2d80b696491e3fa37,
        type: 3}
      propertyPath: m_LocalEulerAnglesHint.y
      value: 0
      objectReference: {fileID: 0}
    - target: {fileID: -4216859302048453862, guid: 1f35d1914f9cc4c2d80b696491e3fa37,
        type: 3}
      propertyPath: m_LocalEulerAnglesHint.z
      value: 0
      objectReference: {fileID: 0}
    - target: {fileID: -4216859302048453862, guid: 1f35d1914f9cc4c2d80b696491e3fa37,
        type: 3}
      propertyPath: m_LocalScale.x
      value: 0.3
      objectReference: {fileID: 0}
    - target: {fileID: -4216859302048453862, guid: 1f35d1914f9cc4c2d80b696491e3fa37,
        type: 3}
      propertyPath: m_LocalScale.y
      value: 0.3
      objectReference: {fileID: 0}
    - target: {fileID: -4216859302048453862, guid: 1f35d1914f9cc4c2d80b696491e3fa37,
        type: 3}
      propertyPath: m_LocalScale.z
      value: 0.3
      objectReference: {fileID: 0}
    - target: {fileID: -1504981713932161579, guid: 1f35d1914f9cc4c2d80b696491e3fa37,
        type: 3}
      propertyPath: m_Materials.Array.data[0]
      value: 
      objectReference: {fileID: 2100000, guid: 7524c468b6e033e4a8730375954b2996, type: 2}
    - target: {fileID: 6350178647814885516, guid: 1f35d1914f9cc4c2d80b696491e3fa37,
        type: 3}
      propertyPath: m_Materials.Array.data[0]
      value: 
      objectReference: {fileID: 2100000, guid: b79a103424629b6428eac0bef50b1204, type: 2}
    - target: {fileID: -973750313363824874, guid: 1f35d1914f9cc4c2d80b696491e3fa37,
        type: 3}
      propertyPath: m_Materials.Array.data[0]
      value: 
      objectReference: {fileID: 2100000, guid: b79a103424629b6428eac0bef50b1204, type: 2}
    - target: {fileID: 4141056728826100698, guid: 1f35d1914f9cc4c2d80b696491e3fa37,
        type: 3}
      propertyPath: m_Materials.Array.data[0]
      value: 
      objectReference: {fileID: 2100000, guid: b79a103424629b6428eac0bef50b1204, type: 2}
    - target: {fileID: 6030513923490669852, guid: 1f35d1914f9cc4c2d80b696491e3fa37,
        type: 3}
      propertyPath: m_Materials.Array.data[0]
      value: 
      objectReference: {fileID: 2100000, guid: b79a103424629b6428eac0bef50b1204, type: 2}
    - target: {fileID: 1912934158354407197, guid: 1f35d1914f9cc4c2d80b696491e3fa37,
        type: 3}
      propertyPath: m_Materials.Array.data[0]
      value: 
      objectReference: {fileID: 2100000, guid: b79a103424629b6428eac0bef50b1204, type: 2}
    - target: {fileID: -619851289864953545, guid: 1f35d1914f9cc4c2d80b696491e3fa37,
        type: 3}
      propertyPath: m_Materials.Array.data[0]
      value: 
      objectReference: {fileID: 2100000, guid: b79a103424629b6428eac0bef50b1204, type: 2}
    - target: {fileID: 3459290241227824587, guid: 1f35d1914f9cc4c2d80b696491e3fa37,
        type: 3}
      propertyPath: m_Materials.Array.data[0]
      value: 
      objectReference: {fileID: 2100000, guid: b79a103424629b6428eac0bef50b1204, type: 2}
    - target: {fileID: -5192147934025484704, guid: 1f35d1914f9cc4c2d80b696491e3fa37,
        type: 3}
      propertyPath: m_Materials.Array.data[0]
      value: 
      objectReference: {fileID: 2100000, guid: b79a103424629b6428eac0bef50b1204, type: 2}
    - target: {fileID: 3867327094144964107, guid: 1f35d1914f9cc4c2d80b696491e3fa37,
        type: 3}
      propertyPath: m_Materials.Array.data[0]
      value: 
      objectReference: {fileID: 2100000, guid: b79a103424629b6428eac0bef50b1204, type: 2}
    - target: {fileID: -7613973805614658734, guid: 1f35d1914f9cc4c2d80b696491e3fa37,
        type: 3}
      propertyPath: m_Materials.Array.data[0]
      value: 
      objectReference: {fileID: 2100000, guid: b79a103424629b6428eac0bef50b1204, type: 2}
    - target: {fileID: -3426159821786396742, guid: 1f35d1914f9cc4c2d80b696491e3fa37,
        type: 3}
      propertyPath: m_Materials.Array.data[0]
      value: 
      objectReference: {fileID: 2100000, guid: b79a103424629b6428eac0bef50b1204, type: 2}
    - target: {fileID: 737284023649816763, guid: 1f35d1914f9cc4c2d80b696491e3fa37,
        type: 3}
      propertyPath: m_Materials.Array.data[0]
      value: 
      objectReference: {fileID: 2100000, guid: b79a103424629b6428eac0bef50b1204, type: 2}
    m_RemovedComponents: []
  m_SourcePrefab: {fileID: 100100000, guid: 1f35d1914f9cc4c2d80b696491e3fa37, type: 3}
--- !u!4 &2204785607904088343 stripped
Transform:
  m_CorrespondingSourceObject: {fileID: -4216859302048453862, guid: 1f35d1914f9cc4c2d80b696491e3fa37,
    type: 3}
  m_PrefabInstance: {fileID: 6620938079771163149}
  m_PrefabAsset: {fileID: 0}
