%YAML 1.1
%TAG !u! tag:unity3d.com,2011:
--- !u!1 &2493578070817628151
GameObject:
  m_ObjectHideFlags: 0
  m_CorrespondingSourceObject: {fileID: 0}
  m_PrefabInstance: {fileID: 0}
  m_PrefabAsset: {fileID: 0}
  serializedVersion: 6
  m_Component:
  - component: {fileID: 521960365833323760}
  m_Layer: 0
  m_Name: FenceGate
  m_TagString: Untagged
  m_Icon: {fileID: 0}
  m_NavMeshLayer: 0
  m_StaticEditorFlags: 0
  m_IsActive: 1
--- !u!4 &521960365833323760
Transform:
  m_ObjectHideFlags: 0
  m_CorrespondingSourceObject: {fileID: 0}
  m_PrefabInstance: {fileID: 0}
  m_PrefabAsset: {fileID: 0}
  m_GameObject: {fileID: 2493578070817628151}
  m_LocalRotation: {x: 0, y: 0, z: 0, w: 1}
  m_LocalPosition: {x: 9.89, y: 0, z: 4}
  m_LocalScale: {x: 1, y: 1, z: 1}
  m_Children:
  - {fileID: 1072756420946834459}
  - {fileID: 4356908366594928564}
  m_Father: {fileID: 0}
  m_RootOrder: 0
  m_LocalEulerAnglesHint: {x: 0, y: 0, z: 0}
--- !u!1 &4286532274280383174
GameObject:
  m_ObjectHideFlags: 0
  m_CorrespondingSourceObject: {fileID: 0}
  m_PrefabInstance: {fileID: 0}
  m_PrefabAsset: {fileID: 0}
  serializedVersion: 6
  m_Component:
  - component: {fileID: 4356908366594928564}
  - component: {fileID: 3955368482571047960}
  - component: {fileID: 4054003616828246978}
  m_Layer: 0
  m_Name: Collider
  m_TagString: Untagged
  m_Icon: {fileID: 0}
  m_NavMeshLayer: 0
  m_StaticEditorFlags: 0
  m_IsActive: 1
--- !u!4 &4356908366594928564
Transform:
  m_ObjectHideFlags: 0
  m_CorrespondingSourceObject: {fileID: 0}
  m_PrefabInstance: {fileID: 0}
  m_PrefabAsset: {fileID: 0}
  m_GameObject: {fileID: 4286532274280383174}
  m_LocalRotation: {x: 0, y: 0, z: 0, w: 1}
  m_LocalPosition: {x: 0, y: 0, z: 0}
  m_LocalScale: {x: 1, y: 1, z: 1}
  m_Children: []
  m_Father: {fileID: 521960365833323760}
  m_RootOrder: 1
  m_LocalEulerAnglesHint: {x: 0, y: 0, z: 0}
--- !u!65 &3955368482571047960
BoxCollider:
  m_ObjectHideFlags: 0
  m_CorrespondingSourceObject: {fileID: 0}
  m_PrefabInstance: {fileID: 0}
  m_PrefabAsset: {fileID: 0}
  m_GameObject: {fileID: 4286532274280383174}
  m_Material: {fileID: 0}
  m_IsTrigger: 0
  m_Enabled: 1
  serializedVersion: 2
  m_Size: {x: 0.6, y: 2.5, z: 0.3}
  m_Center: {x: -1.18, y: 1.25, z: 0}
--- !u!65 &4054003616828246978
BoxCollider:
  m_ObjectHideFlags: 0
  m_CorrespondingSourceObject: {fileID: 0}
  m_PrefabInstance: {fileID: 0}
  m_PrefabAsset: {fileID: 0}
  m_GameObject: {fileID: 4286532274280383174}
  m_Material: {fileID: 0}
  m_IsTrigger: 0
  m_Enabled: 1
  serializedVersion: 2
  m_Size: {x: 0.6, y: 2.5, z: 0.3}
  m_Center: {x: 1.18, y: 1.25, z: 0}
--- !u!1001 &5447533149273169665
PrefabInstance:
  m_ObjectHideFlags: 0
  serializedVersion: 2
  m_Modification:
    m_TransformParent: {fileID: 521960365833323760}
    m_Modifications:
    - target: {fileID: -927199367670048503, guid: 2ba9b3bce828c4533a03f009b2843fcc,
        type: 3}
      propertyPath: m_Name
      value: fenceIronGate
      objectReference: {fileID: 0}
    - target: {fileID: -4216859302048453862, guid: 2ba9b3bce828c4533a03f009b2843fcc,
        type: 3}
      propertyPath: m_LocalPosition.x
      value: 1.4999995
      objectReference: {fileID: 0}
    - target: {fileID: -4216859302048453862, guid: 2ba9b3bce828c4533a03f009b2843fcc,
        type: 3}
      propertyPath: m_LocalPosition.y
      value: 0
      objectReference: {fileID: 0}
    - target: {fileID: -4216859302048453862, guid: 2ba9b3bce828c4533a03f009b2843fcc,
        type: 3}
      propertyPath: m_LocalPosition.z
      value: 0.1500001
      objectReference: {fileID: 0}
    - target: {fileID: -4216859302048453862, guid: 2ba9b3bce828c4533a03f009b2843fcc,
        type: 3}
      propertyPath: m_LocalRotation.x
      value: -0
      objectReference: {fileID: 0}
    - target: {fileID: -4216859302048453862, guid: 2ba9b3bce828c4533a03f009b2843fcc,
        type: 3}
      propertyPath: m_LocalRotation.y
      value: 1
      objectReference: {fileID: 0}
    - target: {fileID: -4216859302048453862, guid: 2ba9b3bce828c4533a03f009b2843fcc,
        type: 3}
      propertyPath: m_LocalRotation.z
      value: -0
      objectReference: {fileID: 0}
    - target: {fileID: -4216859302048453862, guid: 2ba9b3bce828c4533a03f009b2843fcc,
        type: 3}
      propertyPath: m_LocalRotation.w
      value: 0
      objectReference: {fileID: 0}
    - target: {fileID: -4216859302048453862, guid: 2ba9b3bce828c4533a03f009b2843fcc,
        type: 3}
      propertyPath: m_RootOrder
      value: 0
      objectReference: {fileID: 0}
    - target: {fileID: -4216859302048453862, guid: 2ba9b3bce828c4533a03f009b2843fcc,
        type: 3}
      propertyPath: m_LocalEulerAnglesHint.x
      value: 0
      objectReference: {fileID: 0}
    - target: {fileID: -4216859302048453862, guid: 2ba9b3bce828c4533a03f009b2843fcc,
        type: 3}
      propertyPath: m_LocalEulerAnglesHint.y
      value: 0
      objectReference: {fileID: 0}
    - target: {fileID: -4216859302048453862, guid: 2ba9b3bce828c4533a03f009b2843fcc,
        type: 3}
      propertyPath: m_LocalEulerAnglesHint.z
      value: 0
      objectReference: {fileID: 0}
    - target: {fileID: -4216859302048453862, guid: 2ba9b3bce828c4533a03f009b2843fcc,
        type: 3}
      propertyPath: m_LocalScale.x
      value: 0.3
      objectReference: {fileID: 0}
    - target: {fileID: -4216859302048453862, guid: 2ba9b3bce828c4533a03f009b2843fcc,
        type: 3}
      propertyPath: m_LocalScale.y
      value: 0.3
      objectReference: {fileID: 0}
    - target: {fileID: -4216859302048453862, guid: 2ba9b3bce828c4533a03f009b2843fcc,
        type: 3}
      propertyPath: m_LocalScale.z
      value: 0.3
      objectReference: {fileID: 0}
    - target: {fileID: -1504981713932161579, guid: 2ba9b3bce828c4533a03f009b2843fcc,
        type: 3}
      propertyPath: m_Materials.Array.data[0]
      value: 
      objectReference: {fileID: 2100000, guid: b79a103424629b6428eac0bef50b1204, type: 2}
    - target: {fileID: -1504981713932161579, guid: 2ba9b3bce828c4533a03f009b2843fcc,
        type: 3}
      propertyPath: m_Materials.Array.data[1]
      value: 
      objectReference: {fileID: 2100000, guid: 7524c468b6e033e4a8730375954b2996, type: 2}
    m_RemovedComponents: []
  m_SourcePrefab: {fileID: 100100000, guid: 2ba9b3bce828c4533a03f009b2843fcc, type: 3}
--- !u!4 &1072756420946834459 stripped
Transform:
  m_CorrespondingSourceObject: {fileID: -4216859302048453862, guid: 2ba9b3bce828c4533a03f009b2843fcc,
    type: 3}
  m_PrefabInstance: {fileID: 5447533149273169665}
  m_PrefabAsset: {fileID: 0}
